
@article{aa_EnglishArticle_2020,
  title = {English {{Article}}},
  author = {AA, AA and BB, BB},
  date = {2020},
  journaltitle = {Journal of English},
  volume = {50},
  pages = {1--19},
  langid = {english},
  number = {1}
}

@incollection{aierwen_GuoWaiZhongWenYanJiu_2020,
  title = {国外中文研究},
  booktitle = {中文编译},
  author = {埃尔文},
  editor = {埃尔文},
  date = {2020},
  pages = {1--20},
  publisher = {{广州出版社}},
  location = {{广州}},
  langid = {中文;},
  translator = {小二}
}

@book{cat_EnglishBook_2020,
  title = {English {{Book}}},
  author = {Cat},
  date = {2020},
  publisher = {{NY Press}},
  location = {{New York}},
  langid = {english}
}

@incollection{dog_EnglishResearch_2020,
  title = {English {{Research}}},
  booktitle = {English {{Edition}}},
  author = {Dog},
  editor = {Lion and Tiger},
  date = {2020},
  pages = {1--10},
  publisher = {{W DC Press}},
  location = {{DC}},
  langid = {english}
}

@incollection{gougou_ZhongWenYanJiuXiaoJie_2020,
  title = {中文研究小结},
  booktitle = {中文编著},
  author = {狗狗},
  editor = {猫猫},
  date = {2020},
  pages = {1--20},
  publisher = {{北京出版社}},
  location = {{北京}},
  langid = {中文;}
}

@article{jia_ZhongWenQiKanLunWenMing_2020,
  title = {中文期刊论文名},
  author = {甲 and 乙},
  date = {2020},
  journaltitle = {中文研究},
  pages = {22--30},
  langid = {中文;},
  number = {2}
}

@book{jiafang_ZhongWenShu_2020,
  title = {中文书},
  author = {甲方 and 乙方},
  date = {2020},
  publisher = {{上海出版社}},
  location = {{上海}},
  langid = {中文;}
}

@book{kelisi_ZhongWenYiZhu_2020,
  title = {中文译著},
  author = {克里斯},
  date = {2020},
  publisher = {{北京出版社}},
  location = {{北京}},
  langid = {中文;},
  translator = {克里斯·吴 and 克里斯·吴2}
}


